<record><leader>00000cas a22000007a 4500</leader><controlfield tag="001">20215577</controlfield><controlfield tag="008">890818d19121918nduwr ne      0    0nor d</controlfield><datafield ind1=" " ind2=" " tag="010"><subfield code="a">sn 89074941 </subfield></datafield><datafield ind1=" " ind2=" " tag="040"><subfield code="a">NOP</subfield><subfield code="b">eng</subfield><subfield code="c">NOP</subfield><subfield code="d">OCLCQ</subfield></datafield><datafield ind1="0" ind2=" " tag="041"><subfield code="a">nor</subfield><subfield code="a">eng</subfield></datafield><datafield ind1=" " ind2=" " tag="042"><subfield code="a">msc</subfield></datafield><datafield ind1="0" ind2=" " tag="130"><subfield code="a">Fram (1912)</subfield></datafield><datafield ind1="1" ind2="0" tag="245"><subfield code="a">Fram.</subfield></datafield><datafield ind1=" " ind2=" " tag="260"><subfield code="a">Fargo, N.D. ;</subfield><subfield code="a">Moorhead, Minn. :</subfield><subfield code="b">New Fram Co.</subfield></datafield><datafield ind1=" " ind2=" " tag="300"><subfield code="a">6 volumes :</subfield><subfield code="b">illustrations ;</subfield><subfield code="c">54 cm</subfield></datafield><datafield ind1=" " ind2=" " tag="310"><subfield code="a">Weekly</subfield></datafield><datafield ind1=" " ind2=" " tag="336"><subfield code="a">text</subfield><subfield code="b">txt</subfield><subfield code="2">rdacontent</subfield></datafield><datafield ind1=" " ind2=" " tag="337"><subfield code="a">unmediated</subfield><subfield code="b">n</subfield><subfield code="2">rdamedia</subfield></datafield><datafield ind1=" " ind2=" " tag="338"><subfield code="a">volume</subfield><subfield code="b">nc</subfield><subfield code="2">rdacarrier</subfield></datafield><datafield ind1="0" ind2=" " tag="362"><subfield code="a">34te Aarg., no. 3 (17de Jan. 1912)-39de Aarg., No. 11 (12te Marts 1918).</subfield></datafield><datafield ind1=" " ind2=" " tag="530"><subfield code="a">Available on microfilm from the State Historical Society of North Dakota.</subfield></datafield><datafield ind1=" " ind2=" " tag="546"><subfield code="a">Some columns and advertisements in English.</subfield></datafield><datafield ind1=" " ind2=" " tag="752"><subfield code="a">United States</subfield><subfield code="b">North Dakota</subfield><subfield code="c">Cass</subfield><subfield code="d">Fargo.</subfield></datafield><datafield ind1=" " ind2=" " tag="752"><subfield code="a">United States</subfield><subfield code="b">Minnesota</subfield><subfield code="c">Clay</subfield><subfield code="d">Moorhead.</subfield></datafield><datafield ind1="0" ind2="0" tag="780"><subfield code="t">Fram og folkets blad</subfield><subfield code="w">(DLC)sn 89074940</subfield></datafield><datafield ind1="0" ind2="0" tag="785"><subfield code="t">Normanden (Fargo, N.D. : 1918)</subfield><subfield code="w">(DLC)sn 89074930</subfield></datafield></record>